@misc{avigad_foundations_2021,
	title = {Foundations},
	url = {http://arxiv.org/abs/2009.09541},
	doi = {10.48550/arXiv.2009.09541},
	abstract = {This is a draft of a chapter on mathematical logic and
	            foundations for an upcoming handbook of computational proof
	            assistants.},
	number = {{arXiv}:2009.09541},
	publisher = {{arXiv}},
	author = {Avigad, Jeremy},
	urldate = {2025-08-13},
	date = {2021-08-30},
	eprinttype = {arxiv},
	eprint = {2009.09541 [cs]},
	keywords = {Computer Science - Logic in Computer Science, Mathematics -
	            Logic},
	file = {Preprint PDF:/home/trn/Zotero/storage/HW453ABH/Avigad - 2021 -
	        Foundations.pdf:application/pdf;Snapshot:/home/trn/Zotero/storage/P3IJMTFK/2009.html:text/html
	        },
}

 @article{Sylvester_1852,
	title = {XIX. A demonstration of the theorem that every homogeneous
	         quadratic polynomial is reducible by real orthogonal
	         substitutions to the form of a sum of positive and negative
	         squares},
	volume = {4},
	ISSN = {1941-5982, 1941-5990},
	DOI = {10.1080/14786445208647087},
	number = {23},
	journal = {The London, Edinburgh, and Dublin Philosophical Magazine and
	           Journal of Science},
	author = {Sylvester, J.J.},
	year = {1852},
	month = aug,
	pages = {138â€“142},
	language = {en},
}

 @book{Lang_2002,
	address = {New York, NY},
	series = {Graduate Texts in Mathematics},
	title = {Algebra},
	volume = {211},
	rights = {
	          https://www.springernature.com/gp/researchers/text-and-data-mining
	          },
	ISBN = {978-1-4612-6551-1},
	url = {https://link.springer.com/10.1007/978-1-4613-0041-0},
	DOI = {10.1007/978-1-4613-0041-0},
	publisher = {Springer},
	author = {Lang, Serge},
	year = {2002},
	collection = {Graduate Texts in Mathematics},
	language = {en},
}

 @book{Norman_1986,
	address = {Oxford : New York},
	title = {Undergraduate algebra: a first course},
	ISBN = {978-0-19-853249-1},
	callNumber = {QA154.2 .N65 1986},
	publisher = {Clarendon Press ; Oxford University Press},
	author = {Norman, C. W.},
	year = {1986},
	language = {en},
}

